@ARTICLE{usersguide,
   author = {{Crandall}, M.~G. and {Ishii}, H. and {Lions}, P.-L.},
    title = "{user's guide to viscosity solutions of second order partial differential equations}",
  journal = {ArXiv Mathematics e-prints},
   eprint = {math/9207212},
 keywords = {Mathematics - Analysis of PDEs},
     year = 1992,
    month = jun,
   adsurl = {http://adsabs.harvard.edu/abs/1992math......7212C},
  adsnote = {Provided by the SAO/NASA Astrophysics Data System}
}

@article {krylov,
    AUTHOR = {Krylov, N. V.},
     TITLE = {Boundedly inhomogeneous elliptic and parabolic equations in a
              domain},
   JOURNAL = {Izv. Akad. Nauk SSSR Ser. Mat.},
  FJOURNAL = {Izvestiya Akademii Nauk SSSR. Seriya Matematicheskaya},
    VOLUME = {47},
      YEAR = {1983},
    NUMBER = {1},
     PAGES = {75--108},
      ISSN = {0373-2436},
   MRCLASS = {35J60 (35K55)},
  MRNUMBER = {688919 (85g:35046)},
MRREVIEWER = {R. Schumann},
}